@book{comer2003computer,
  title={Computer networks and internets},
  author={Comer, Douglas E and Droms, Ralph E},
  year={2003},
  publisher={Prentice-Hall, Inc.}
}
